@book{kang,
  author    = {康国政},
  title     = {非弹性本构理论及其有限元实现},
  publisher = {西南交通大学出版社},
  address   = {成都},
  year      = {2010},
  pages     = {2-3, 184},
}

@book{detF,
  author    = {范镜泓 and 高芝晖},
  title     = {非线性连续介质力学基础},
  publisher = {重庆大学出版社},
  address   = {重庆},
  year      = {1987},
  pages     = {17-18},
}

@book{jinming,
  author    = {金明},
  title     = {非线性连续介质力学教程},
  publisher = {清华大学出版社},
  address   = {北京},
  edition   = {第三版},
  year      = {2017},
  pages     = {196-200, 211-215, 227-228},
}

@book{fyz,
  author    = {冯元桢},
  translator= {葛东云},
  title     = {连续介质力学初级教程},
  publisher = {清华大学出版社},
  address   = {北京},
  edition   = {第三版},
  year      = {2009},
  pages     = {50-52},
}

@book{polar,
  author    = {{Horn H R} and {Johnson C R}},
  translator= {张明尧 and 张凡},
  title     = {矩阵分析},
  publisher = {机械工业出版社},
  address   = {北京},
  edition   = {第二版},
  year      = {2014},
  pages     = {384-385},
}

@book{shulijichu,
  author    = {彭桓武 and 徐锡申},
  title     = {数理物理基础—物理需用线性高等数学导引},
  publisher = {北京大学出版社},
  address   = {北京},
  year      = {2012},
  pages     = {60-61},
}

@book{huangkezhi,
  author    = {黄克智 and 黄永刚},
  title     = {高等固体力学.上册},
  publisher = {清华大学出版社},
  address   = {北京},
  year      = {2013},
  pages     = {187-198},
}

@book{gutibengou,
  author    = {黄克智 and 黄永刚},
  title     = {固体本构关系},
  publisher = {清华大学出版社},
  address   = {北京},
  year      = {1999},
  pages     = {216-219},
}
